<?xml version="1.0" encoding="UTF-8"?><collection xmlns="http://www.loc.gov/MARC21/slim"><record><leader>00543nam--2200181-i-4500</leader><controlfield tag="001">000012834</controlfield><controlfield tag="002">20161230</controlfield><controlfield tag="005">20161230201030</controlfield><controlfield tag="008">060222s1000------------r-----000-0-fre-d</controlfield><datafield ind1=" " ind2=" " tag="040"><subfield code="a">IFIN-HH</subfield></datafield><datafield ind1=" " ind2=" " tag="041"><subfield code="a">fre</subfield></datafield><datafield ind1=" " ind2=" " tag="080"><subfield code="a">538.93:537.311.322(043)</subfield></datafield><datafield ind1="1" ind2=" " tag="100"><subfield code="a">Bouat, Jacqueline</subfield></datafield><datafield ind1="1" ind2="0" tag="245"><subfield code="a">Etude du transportquantuque dans les systemes bidimensionels. application au tellure</subfield><subfield code="b">These</subfield><subfield code="c">Jacqueline bouat</subfield></datafield><datafield ind1=" " ind2=" " tag="260"><subfield code="a">Paris</subfield><subfield code="b">Universite Pierre Et Marie Curie</subfield><subfield code="c">1977</subfield></datafield><datafield ind1=" " ind2=" " tag="300"><subfield code="a">70 P</subfield></datafield><datafield ind1=" " ind2=" " tag="852"><subfield code="a">46462</subfield><subfield code="c">539.2</subfield></datafield><datafield ind1=" " ind2=" " tag="CAT"><subfield code="a">Sys</subfield><subfield code="c">20121029</subfield><subfield code="h">103136</subfield></datafield></record></collection>